<?xml version="1.0" encoding="UTF-8"?><collection xmlns="http://www.loc.gov/MARC21/slim"><record><leader>00555nam--2200181-i-4500</leader><controlfield tag="001">000020460</controlfield><controlfield tag="002">20161230</controlfield><controlfield tag="005">20161230201033</controlfield><controlfield tag="008">060222s1000------------r-----000-0-fre-d</controlfield><datafield ind1=" " ind2=" " tag="040"><subfield code="a">IFIN-HH</subfield></datafield><datafield ind1=" " ind2=" " tag="041"><subfield code="a">fre</subfield></datafield><datafield ind1=" " ind2=" " tag="080"><subfield code="a">681.785.5(043)7</subfield></datafield><datafield ind1="1" ind2=" " tag="100"><subfield code="a">Condamin, Jeanne</subfield></datafield><datafield ind1="1" ind2="0" tag="245"><subfield code="a">Recherche sur les spectres d'etincelle d'alliages de plomb, etain, antimoine et de melanges d'oxydes des memes metaux</subfield><subfield code="b">Theses</subfield><subfield code="c">Jeanne condamin</subfield></datafield><datafield ind1=" " ind2=" " tag="260"><subfield code="a">Lyon</subfield><subfield code="b">L'Universite De Lyon</subfield><subfield code="c">1960</subfield></datafield><datafield ind1=" " ind2=" " tag="300"><subfield code="a">80 P</subfield></datafield><datafield ind1=" " ind2=" " tag="852"><subfield code="a">77024</subfield><subfield code="c">535.33</subfield></datafield><datafield ind1=" " ind2=" " tag="CAT"><subfield code="a">Sys</subfield><subfield code="c">20101221</subfield><subfield code="h">124145</subfield></datafield></record></collection>